@article{grasp,
	author = {Resende, Mauricio and Ribeiro, Celso},
	year = {2010},
	month = {01},
	pages = {},
	title = {Greedy randomized adaptive search procedures: Advances and applications},
	journal = {Handbook of Metaheuristics}
}

@article{local_search,
	author = {Delorme, Xavier and Gandibleux, Xavier and Rodriguez, Joaquin},
	year = {2004},
	month = {03},
	pages = {564-580},
	title = {GRASP for set packing problems},
	volume = {153},
	journal = {European Journal of Operational Research},
	doi = {10.1016/S0377-2217(03)00263-7}
}
